@article{aghakhani2015co,
  title={Co-localization between the BOLD response and epileptiform discharges recorded by simultaneous intracranial EEG-fMRI at 3 T},
  author={Aghakhani, Yahya and Beers, Craig A and Pittman, Daniel J and Gaxiola-Valdez, Ismael and Goodyear, Bradley G and Federico, Paolo},
  journal={NeuroImage: Clinical},
  volume={7},
  pages={755--763},
  year={2015},
  publisher={Elsevier}
}

@article{ebrahimzadeh2019component,
  title={Component-related BOLD response to localize epileptic focus using simultaneous EEG-fMRI recordings at 3T},
  author={Ebrahimzadeh, Elias and Soltanian-Zadeh, Hamid and Araabi, Babak Nadjar and Fesharaki, Seyed Sohrab Hashemi and Habibabadi, Jafar Mehvari},
  journal={Journal of neuroscience methods},
  volume={322},
  pages={34--49},
  year={2019},
  publisher={Elsevier}
}

@article{zijlmans2007eeg,
  title={EEG-fMRI in the preoperative work-up for epilepsy surgery},
  author={Zijlmans, Maeike and Huiskamp, Geertjan and Hersevoort, Maaike and Seppenwoolde, Jan-Henry and van Huffelen, Alexander C and Leijten, Frans SS},
  journal={Brain},
  volume={130},
  number={9},
  pages={2343--2353},
  year={2007},
  publisher={Oxford University Press}
}

@article{an2013electroencephalography,
  title={Electroencephalography/functional magnetic resonance imaging responses help predict surgical outcome in focal epilepsy},
  author={An, Dongmei and Fahoum, Firas and Hall, Jeffery and Olivier, Andr{\'e} and Gotman, Jean and Dubeau, Fran{\c{c}}ois},
  journal={Epilepsia},
  volume={54},
  number={12},
  pages={2184--2194},
  year={2013},
  publisher={Wiley Online Library}
}

@article{thornton2010eeg,
  title={EEG correlated functional MRI and postoperative outcome in focal epilepsy},
  author={Thornton, Rachel and Laufs, Helmut and Rodionov, Roman and Cannadathu, Sajitha and Carmichael, David W and Vulliemoz, Serge and Salek-Haddadi, Afraim and McEvoy, Andrew W and Smith, Shelagh M and Lhatoo, Samden and others},
  journal={Journal of Neurology, Neurosurgery \& Psychiatry},
  volume={81},
  number={8},
  pages={922--927},
  year={2010},
  publisher={BMJ Publishing Group Ltd}
}

@article{bagshaw2006correspondence,
  title={Correspondence between EEG-fMRI and EEG dipole localisation of interictal discharges in focal epilepsy},
  author={Bagshaw, Andrew P and Kobayashi, Eliane and Dubeau, Fran{\c{c}}ois and Pike, G Bruce and Gotman, Jean},
  journal={Neuroimage},
  volume={30},
  number={2},
  pages={417--425},
  year={2006},
  publisher={Elsevier}
}

@article{gil2020beyond,
  title={Beyond the epileptic focus: functional epileptic networks in focal epilepsy},
  author={Gil, Francisco and Padilla, Nelly and Soria-Pastor, Sara and Setoain, Xavier and Boget, Teresa and Rumi{\'a}, Jordi and Rold{\'a}n, Pedro and Reyes, David and Bargall{\'o}, N{\'u}ria and Conde, Estefan{\'\i}a and others},
  journal={Cerebral Cortex},
  volume={30},
  number={4},
  pages={2338--2357},
  year={2020},
  publisher={Oxford University Press}
}


@article{hunyadi2013ica,
  title={ICA extracts epileptic sources from fMRI in EEG-negative patients: a retrospective validation study},
  author={Hunyadi, Borb{\'a}la and Tousseyn, Simon and Mijovi{\'c}, Bogdan and Dupont, Patrick and Van Huffel, Sabine and Van Paesschen, Wim and De Vos, Maarten},
  journal={PloS one},
  volume={8},
  number={11},
  pages={e78796},
  year={2013},
  publisher={Public Library of Science San Francisco, USA}
}

@article{zhang2015lateralization,
  title={Lateralization and localization of epilepsy related hemodynamic foci using presurgical fMRI},
  author={Zhang, Clara Huishi and Lu, Yunfeng and Brinkmann, Benjamin and Welker, Kirk and Worrell, Gregory and He, Bin},
  journal={Clinical Neurophysiology},
  volume={126},
  number={1},
  pages={27--38},
  year={2015},
  publisher={Elsevier}
}

@article{avoli2007epileptic,
  title={The epileptic hippocampus revisited: back to the future},
  author={Avoli, Massimo},
  journal={Epilepsy currents},
  volume={7},
  number={4},
  pages={116--118},
  year={2007},
  publisher={SAGE Publications Sage CA: Los Angeles, CA}
}

@article{grooms2017infraslow,
  title={Infraslow electroencephalographic and dynamic resting state network activity},
  author={Grooms, Joshua K and Thompson, Garth J and Pan, Wen-Ju and Billings, Jacob and Schumacher, Eric H and Epstein, Charles M and Keilholz, Shella D},
  journal={Brain connectivity},
  volume={7},
  number={5},
  pages={265--280},
  year={2017},
  publisher={Mary Ann Liebert, Inc. 140 Huguenot Street, 3rd Floor New Rochelle, NY 10801 USA}
}

@article{wang2008betweenness,
  title={Betweenness centrality in a weighted network},
  author={Wang, Huijuan and Hernandez, Javier Martin and Van Mieghem, Piet},
  journal={Physical Review E},
  volume={77},
  number={4},
  pages={046105},
  year={2008},
  publisher={APS}
}

@article{chiang2014graph,
  title={Graph theory findings in the pathophysiology of temporal lobe epilepsy},
  author={Chiang, Sharon and Haneef, Zulfi},
  journal={Clinical Neurophysiology},
  volume={125},
  number={7},
  pages={1295--1305},
  year={2014},
  publisher={Elsevier}
}

@article{centeno2014network,
  title={Network connectivity in epilepsy: resting state fMRI and EEG--fMRI contributions},
  author={Centeno, Maria and Carmichael, David W},
  journal={Frontiers in neurology},
  volume={5},
  pages={93},
  year={2014},
  publisher={Frontiers}
}

@article{pardoe2014advanced,
  title={Advanced imaging techniques in the diagnosis of nonlesional epilepsy: MRI, MRS, PET, and SPECT: Advanced Imaging Techniques in the Diagnosis of Nonlesional Epilepsy},
  author={Pardoe, Heath and Kuzniecky, Ruben},
  journal={Epilepsy currents},
  volume={14},
  number={3},
  pages={121--124},
  year={2014},
  publisher={SAGE Publications Sage CA: Los Angeles, CA}
}

@article{su2019fmri,
  title={fMRI functional connectivity as an indicator of interictal epileptic discharges},
  author={Su, Jianpo and Khoo, Hui Ming and von Ellenrieder, Nicol{\'a}s and Zeng, Ling-Li and Hu, Dewen and Dubeau, Fran{\c{c}}ois and Gotman, Jean},
  journal={NeuroImage: Clinical},
  volume={24},
  pages={102038},
  year={2019},
  publisher={Elsevier}
}

@article{aghakhani2015co,
  title={Co-localization between the BOLD response and epileptiform discharges recorded by simultaneous intracranial EEG-fMRI at 3 T},
  author={Aghakhani, Yahya and Beers, Craig A and Pittman, Daniel J and Gaxiola-Valdez, Ismael and Goodyear, Bradley G and Federico, Paolo},
  journal={NeuroImage: Clinical},
  volume={7},
  pages={755--763},
  year={2015},
  publisher={Elsevier}
}

@article{wang2012electrophysiological,
  title={Electrophysiological low-frequency coherence and cross-frequency coupling contribute to BOLD connectivity},
  author={Wang, Liang and Saalmann, Yuri B and Pinsk, Mark A and Arcaro, Michael J and Kastner, Sabine},
  journal={Neuron},
  volume={76},
  number={5},
  pages={1010--1020},
  year={2012},
  publisher={Elsevier}
}

@article{hughes2011infraslow,
  title={Infraslow (< 0.1 Hz) oscillations in thalamic relay nuclei: basic mechanisms and significance to health and disease states},
  author={Hughes, Stuart W and L{\H{o}}rincz, Magor L and Parri, H Rheinallt and Crunelli, Vincenzo},
  journal={Progress in brain research},
  volume={193},
  pages={145--162},
  year={2011},
  publisher={Elsevier}
}

@article{shah2014invasive,
  title={Invasive electroencephalography monitoring: Indications and presurgical planning},
  author={Shah, Aashit K and Mittal, Sandeep},
  journal={Annals of Indian Academy of Neurology},
  volume={17},
  number={Suppl 1},
  pages={S89},
  year={2014},
  publisher={Wolters Kluwer--Medknow Publications}
}

@article{mitra2015propagated,
  title={Propagated infra-slow intrinsic brain activity reorganizes across wake and slow wave sleep},
  author={Mitra, Anish and Snyder, Abraham Z and Tagliazucchi, Enzo and Laufs, Helmut and Raichle, Marcus E},
  journal={Elife},
  volume={4},
  pages={e10781},
  year={2015},
  publisher={eLife Sciences Publications Limited}
}


@book{shorvon2015treatment,
  title={The treatment of epilepsy},
  author={Shorvon, Simon and Perucca, Emilio and Engel Jr, Jerome},
  year={2015},
  publisher={John Wiley \& Sons}
}

@article{gross1999correlation,
  title={Correlation of high-frequency oscillations with the sleep--wake cycle and cognitive activity in humans},
  author={Gross, Donald W and Gotman, Jean},
  journal={Neuroscience},
  volume={94},
  number={4},
  pages={1005--1018},
  year={1999},
  publisher={Elsevier}
}

@article{bragin2005analysis,
  title={Analysis of seizure onset on the basis of wideband EEG recordings},
  author={Bragin, Anatol and Wilson, Charles L and Fields, Tony and Fried, Itzhak and Engel Jr, Jerome},
  journal={Epilepsia},
  volume={46},
  pages={59--63},
  year={2005},
  publisher={Wiley Online Library}
}

@article{zijlmans2011ictal,
  title={Ictal and interictal high frequency oscillations in patients with focal epilepsy},
  author={Zijlmans, Maeike and Jacobs, Julia and Kahn, Yusuf U and Zelmann, Rina and Dubeau, Fran{\c{c}}ois and Gotman, Jean},
  journal={Clinical Neurophysiology},
  volume={122},
  number={4},
  pages={664--671},
  year={2011},
  publisher={Elsevier}
}

@article{deramus2020modular,
  title={Modular and state-relevant connectivity in high-frequency resting-state BOLD fMRI data: An independent component analysis},
  author={DeRamus, Thomas Patrick and Faghiri, Ashkan and Iraji, Armin and Agcaoglu, Oktay and Vergara, Victor Manuel and Fu, Zening and Silva, Rogers F and Gazula, Harshvardhan and Stephen, Julia M and Wilson, Tony W and others},
  journal={bioRxiv},
  year={2020},
  publisher={Cold Spring Harbor Laboratory}
}

@book{huettel2004functional,
  title={Functional magnetic resonance imaging},
  author={Huettel, Scott A and Song, Allen W and McCarthy, Gregory and others},
  volume={1},
  year={2004},
  publisher={Sinauer Associates Sunderland, MA}
}

@article{boerwinkle2017correlating,
  title={Correlating resting-state functional magnetic resonance imaging connectivity by independent component analysis-based epileptogenic zones with intracranial electroencephalogram localized seizure onset zones and surgical outcomes in prospective pediatric intractable epilepsy study},
  author={Boerwinkle, Varina L and Mohanty, Deepankar and Foldes, Stephen T and Guffey, Danielle and Minard, Charles G and Vedantam, Aditya and Raskin, Jeffrey S and Lam, Sandi and Bond, Margaret and Mirea, Lucia and others},
  journal={Brain connectivity},
  volume={7},
  number={7},
  pages={424--442},
  year={2017},
  publisher={Mary Ann Liebert, Inc. 140 Huguenot Street, 3rd Floor New Rochelle, NY 10801 USA}
}

@article{centeno2014network,
  title={Network connectivity in epilepsy: resting state fMRI and EEG--fMRI contributions},
  author={Centeno, Maria and Carmichael, David W},
  journal={Frontiers in neurology},
  volume={5},
  pages={93},
  year={2014},
  publisher={Frontiers}
}

@article{lachaux2003intracranial,
  title={Intracranial EEG and human brain mapping},
  author={Lachaux, J Ph and Rudrauf, D and Kahane, P},
  journal={Journal of Physiology-Paris},
  volume={97},
  number={4-6},
  pages={613--628},
  year={2003},
  publisher={Elsevier}
}

@article{ogawa1990oxygenation,
  title={Oxygenation-sensitive contrast in magnetic resonance image of rodent brain at high magnetic fields},
  author={Ogawa, Seiji and Lee, Tso-Ming and Nayak, Asha S and Glynn, Paul},
  journal={Magnetic resonance in medicine},
  volume={14},
  number={1},
  pages={68--78},
  year={1990},
  publisher={Wiley Online Library}
}

@article{fisher2005epileptic,
  title={Epileptic seizures and epilepsy: definitions proposed by the International League Against Epilepsy (ILAE) and the International Bureau for Epilepsy (IBE)},
  author={Fisher, Robert S and Boas, Walter Van Emde and Blume, Warren and Elger, Christian and Genton, Pierre and Lee, Phillip and Engel Jr, Jerome},
  journal={Epilepsia},
  volume={46},
  number={4},
  pages={470--472},
  year={2005},
  publisher={Wiley Online Library}
}

@article{smith2021accuracy,
  title={The accuracy of quantitative EEG biomarker algorithms depends upon seizure onset dynamics},
  author={Smith, Garnett and Stacey, William C},
  journal={Epilepsy Research},
  pages={106702},
  year={2021},
  publisher={Elsevier}
}

@article{bartolomei2017defining,
  title={Defining epileptogenic networks: contribution of SEEG and signal analysis},
  author={Bartolomei, Fabrice and Lagarde, Stanislas and Wendling, Fabrice and McGonigal, Aileen and Jirsa, Viktor and Guye, Maxime and B{\'e}nar, Christian},
  journal={Epilepsia},
  volume={58},
  number={7},
  pages={1131--1147},
  year={2017},
  publisher={Wiley Online Library}
}

@article{davis2021wheels,
  title={Wheels Within Wheels: Theory and Practice of Epileptic Networks},
  author={Davis, Kathryn A and Jirsa, Viktor K and Schevon, Catherine A},
  journal={Epilepsy Currents},
  pages={15357597211015663},
  year={2021},
  publisher={SAGE Publications Sage CA: Los Angeles, CA}
}

@article{zhang2020establishing,
  title={Establishing functional brain networks using a nonlinear partial directed coherence method to predict epileptic seizures},
  author={Zhang, Qizhong and Hu, Yuejing and Potter, Thomas and Li, Rihui and Quach, Michael and Zhang, Yingchun},
  journal={Journal of neuroscience methods},
  volume={329},
  pages={108447},
  year={2020},
  publisher={Elsevier}
}

@article{wilke2011graph,
  title={Graph analysis of epileptogenic networks in human partial epilepsy},
  author={Wilke, Christopher and Worrell, Gregory and He, Bin},
  journal={Epilepsia},
  volume={52},
  number={1},
  pages={84--93},
  year={2011},
  publisher={Wiley Online Library}
}

@article{franaszczuk1998application,
  title={Application of the directed transfer function method to mesial and lateral onset temporal lobe seizures},
  author={Franaszczuk, Piotr J and Bergey, Gregory K},
  journal={Brain topography},
  volume={11},
  number={1},
  pages={13--21},
  year={1998},
  publisher={Springer}
}

@article{joshi2016regional,
  title={Regional and network relationship in the intracranial EEG second spectrum},
  author={Joshi, Rasesh B and Gaspard, Nicolas and Goncharova, Irina I and Duckrow, Robert B and Duncan, Dominique and Gerrard, Jason L and Spencer, Dennis D and Hirsch, Lawrence J and Zaveri, Hitten P},
  journal={Clinical Neurophysiology},
  volume={127},
  number={11},
  pages={3485--3491},
  year={2016},
  publisher={Elsevier}
}

@article{hashimoto2021phase,
  title={Phase-amplitude coupling of ripple activities during seizure evolution with theta phase},
  author={Hashimoto, Hiroaki and Khoo, Hui Ming and Yanagisawa, Takufumi and Tani, Naoki and Oshino, Satoru and Kishima, Haruhiko and Hirata, Masayuki},
  journal={Clinical Neurophysiology},
  volume={132},
  number={6},
  pages={1243--1253},
  year={2021},
  publisher={Elsevier}
}

@article{hashimoto2020coupling,
  title={Coupling between infraslow activities and high-frequency oscillations precedes seizure onset},
  author={Hashimoto, Hiroaki and Khoo, Hui Ming and Yanagisawa, Takufumi and Tani, Naoki and Oshino, Satoru and Kishima, Haruhiko and Hirata, Masayuki},
  journal={Epilepsia open},
  volume={5},
  number={3},
  pages={501--506},
  year={2020},
  publisher={Wiley Online Library}
}

@article{pan2013infraslow,
  title={Infraslow LFP correlates to resting-state fMRI BOLD signals},
  author={Pan, Wen-Ju and Thompson, Garth John and Magnuson, Matthew Evan and Jaeger, Dieter and Keilholz, Shella},
  journal={Neuroimage},
  volume={74},
  pages={288--297},
  year={2013},
  publisher={Elsevier}
}

@article{ochi2007dynamic,
  title={Dynamic changes of ictal high-frequency oscillations in neocortical epilepsy: using multiple band frequency analysis},
  author={Ochi, Ayako and Otsubo, Hiroshi and Donner, Elizabeth J and Elliott, Irene and Iwata, Ryoichi and Funaki, Takanori and Akizuki, Yoko and Akiyama, Tomoyuki and Imai, Katsumi and Rutka, James T and others},
  journal={Epilepsia},
  volume={48},
  number={2},
  pages={286--296},
  year={2007},
  publisher={Wiley Online Library}
}

@article{worrell2008high,
  title={High-frequency oscillations in human temporal lobe: simultaneous microwire and clinical macroelectrode recordings},
  author={Worrell, Greg A and Gardner, Andrew B and Stead, S Matt and Hu, Sanqing and Goerss, Steve and Cascino, Gregory J and Meyer, Fredric B and Marsh, Richard and Litt, Brian},
  journal={Brain},
  volume={131},
  number={4},
  pages={928--937},
  year={2008},
  publisher={Oxford University Press}
}

@article{crepon2010mapping,
  title={Mapping interictal oscillations greater than 200 Hz recorded with intracranial macroelectrodes in human epilepsy},
  author={Cr{\'e}pon, Beno{\^\i}t and Navarro, Vincent and Hasboun, Dominique and Clemenceau, St{\'e}phane and Martinerie, Jacques and Baulac, Michel and Adam, Claude and Le Van Quyen, Michel},
  journal={Brain},
  volume={133},
  number={1},
  pages={33--45},
  year={2010},
  publisher={Oxford University Press}
}

@article{wu2010removing,
  title={Removing interictal fast ripples on electrocorticography linked with seizure freedom in children},
  author={Wu, JY and Sankar, R and Lerner, JT and Matsumoto, JH and Vinters, HV and Mathern, GW},
  journal={Neurology},
  volume={75},
  number={19},
  pages={1686--1694},
  year={2010},
  publisher={AAN Enterprises}
}

@article{modur2014high,
  title={High frequency oscillations and infraslow activity in epilepsy},
  author={Modur, Pradeep N},
  journal={Annals of Indian Academy of Neurology},
  volume={17},
  number={Suppl 1},
  pages={S99},
  year={2014},
  publisher={Wolters Kluwer--Medknow Publications}
}

@article{jiruska2010electrographic,
  title={Electrographic high-frequency activity and epilepsy},
  author={Jiruska, Premysl and Powell, Andrew D and Chang, Wei-Chih and Jefferys, John GR},
  journal={Epilepsy research},
  volume={89},
  number={1},
  pages={60--65},
  year={2010},
  publisher={Elsevier}
}

@article{youngerman2018laser,
  title={Laser ablation is effective for temporal lobe epilepsy with and without mesial temporal sclerosis if hippocampal seizure onsets are localized by stereoelectroencephalography},
  author={Youngerman, Brett E and Oh, Justin Y and Anbarasan, Deepti and Billakota, Santoshi and Casadei, Camilla H and Corrigan, Emily K and Banks, Garret P and Pack, Alison M and Choi, Hyunmi and Bazil, Carl W and others},
  journal={Epilepsia},
  volume={59},
  number={3},
  pages={595--606},
  year={2018},
  publisher={Wiley Online Library}
}

@article{franco2016challenges,
  title={Challenges in the clinical development of new antiepileptic drugs},
  author={Franco, Valentina and French, Jacqueline A and Perucca, Emilio},
  journal={Pharmacological research},
  volume={103},
  pages={95--104},
  year={2016},
  publisher={Elsevier}
}

@article{walker2002disease,
  title={Disease modification in partial epilepsy},
  author={Walker, MC and White, HS and Sander, JWAS},
  journal={Brain},
  volume={125},
  number={9},
  pages={1937--1950},
  year={2002},
  publisher={Oxford University Press}
}

@article{menon1996spatio,
  title={Spatio-temporal correlations in human gamma band electrocorticograms},
  author={Menon, V and Freeman, WJ and Cutillo, BA and Desmond, JE and Ward, MF and Bressler, SL and Laxer, KD and Barbaro, N and Gevins, AS},
  journal={Electroencephalography and clinical Neurophysiology},
  volume={98},
  number={2},
  pages={89--102},
  year={1996},
  publisher={Elsevier}
}

@article{bettus2011interictal,
  title={Interictal functional connectivity of human epileptic networks assessed by intracerebral EEG and BOLD signal fluctuations},
  author={Bettus, Gaelle and Ranjeva, Jean-Philippe and Wendling, Fabrice and B{\'e}nar, Christian G and Confort-Gouny, Sylviane and R{\'e}gis, Jean and Chauvel, Patrick and Cozzone, Patrick J and Lemieux, Louis and Bartolomei, Fabrice and others},
  journal={PloS one},
  volume={6},
  number={5},
  pages={e20071},
  year={2011},
  publisher={Public Library of Science San Francisco, USA}
}

@article{eickhoff2005new,
  title={A new SPM toolbox for combining probabilistic cytoarchitectonic maps and functional imaging data},
  author={Eickhoff, Simon B and Stephan, Klaas E and Mohlberg, Hartmut and Grefkes, Christian and Fink, Gereon R and Amunts, Katrin and Zilles, Karl},
  journal={Neuroimage},
  volume={25},
  number={4},
  pages={1325--1335},
  year={2005},
  publisher={Elsevier}
}

@article{xia2013brainnet,
  title={BrainNet Viewer: a network visualization tool for human brain connectomics},
  author={Xia, Mingrui and Wang, Jinhui and He, Yong},
  journal={PloS one},
  volume={8},
  number={7},
  pages={e68910},
  year={2013},
  publisher={Public Library of Science San Francisco, USA}
}

@article{whitfield2012conn,
  title={Conn: a functional connectivity toolbox for correlated and anticorrelated brain networks},
  author={Whitfield-Gabrieli, Susan and Nieto-Castanon, Alfonso},
  journal={Brain connectivity},
  volume={2},
  number={3},
  pages={125--141},
  year={2012},
  publisher={Mary Ann Liebert, Inc. 140 Huguenot Street, 3rd Floor New Rochelle, NY 10801 USA}
}

@article{rubinov2010complex,
  title={Complex network measures of brain connectivity: uses and interpretations},
  author={Rubinov, Mikail and Sporns, Olaf},
  journal={Neuroimage},
  volume={52},
  number={3},
  pages={1059--1069},
  year={2010},
  publisher={Elsevier}
}

@article{rorden2000stereotaxic,
  title={Stereotaxic display of brain lesions},
  author={Rorden, Chris and Brett, Matthew},
  journal={Behavioural neurology},
  volume={12},
  number={4},
  pages={191--200},
  year={2000},
  publisher={IOS Press}
}

@article{ashburner2014spm12,
  title={SPM12 manual},
  author={Ashburner, John and Barnes, Gareth and Chen, Chun-Chuan and Daunizeau, Jean and Flandin, Guillaume and Friston, Karl and Kiebel, Stefan and Kilner, James and Litvak, Vladimir and Moran, Rosalyn and others},
  journal={Wellcome Trust Centre for Neuroimaging, London, UK},
  volume={2464},
  year={2014}
}

@article{shah2019characterizing,
  title={Characterizing the role of the structural connectome in seizure dynamics},
  author={Shah, Preya and Ashourvan, Arian and Mikhail, Fadi and Pines, Adam and Kini, Lohith and Oechsel, Kelly and Das, Sandhitsu R and Stein, Joel M and Shinohara, Russell T and Bassett, Danielle S and others},
  journal={Brain},
  volume={142},
  number={7},
  pages={1955--1972},
  year={2019},
  publisher={Oxford University Press}
}

@article{delorme2004eeglab,
  title={EEGLAB: an open source toolbox for analysis of single-trial EEG dynamics including independent component analysis},
  author={Delorme, Arnaud and Makeig, Scott},
  journal={Journal of neuroscience methods},
  volume={134},
  number={1},
  pages={9--21},
  year={2004},
  publisher={Elsevier}
}

@article{adhikari2013localizing,
  title={Localizing epileptic seizure onsets with Granger causality},
  author={Adhikari, Bhim M and Epstein, Charles M and Dhamala, Mukesh},
  journal={Physical Review E},
  volume={88},
  number={3},
  pages={030701},
  year={2013},
  publisher={APS}
}

@article{andrzejak2015localization,
  title={Localization of epileptogenic zone on pre-surgical intracranial EEG recordings: toward a validation of quantitative signal analysis approaches},
  author={Andrzejak, Ralph G and David, Olivier and Gnatkovsky, Vadym and Wendling, Fabrice and Bartolomei, Fabrice and Francione, Stefano and Kahane, Philippe and Schindler, Kaspar and De Curtis, Marco},
  journal={Brain topography},
  volume={28},
  number={6},
  pages={832--837},
  year={2015},
  publisher={Springer}
}

@article{bragin2005analysis,
  title={Analysis of seizure onset on the basis of wideband EEG recordings},
  author={Bragin, Anatol and Wilson, Charles L and Fields, Tony and Fried, Itzhak and Engel Jr, Jerome},
  journal={Epilepsia},
  volume={46},
  pages={59--63},
  year={2005},
  publisher={Wiley Online Library}
}

@article{david2011imaging,
  title={Imaging the seizure onset zone with stereo-electroencephalography},
  author={David, Olivier and Blauwblomme, Thomas and Job, Anne-Sophie and Chabard{\`e}s, St{\'e}phan and Hoffmann, Dominique and Minotti, Lorella and Kahane, Philippe},
  journal={Brain},
  volume={134},
  number={10},
  pages={2898--2911},
  year={2011},
  publisher={Oxford University Press}
}

@book{schelter2006handbook,
  title={Handbook of time series analysis},
  author={Schelter, Bjorn and Winterhalder, Matthias and Timmer, Jens},
  year={2006},
  publisher={Wiley Online Library}
}

@article{epstein2014application,
  title={Application of high-frequency Granger causality to analysis of epileptic seizures and surgical decision making},
  author={Epstein, Charles M and Adhikari, Bhim M and Gross, Robert and Willie, Jon and Dhamala, Mukesh},
  journal={Epilepsia},
  volume={55},
  number={12},
  pages={2038--2047},
  year={2014},
  publisher={Wiley Online Library}
}

@article{geweke1982measurement,
  title={Measurement of linear dependence and feedback between multiple time series},
  author={Geweke, John},
  journal={Journal of the American statistical association},
  volume={77},
  number={378},
  pages={304--313},
  year={1982},
  publisher={Taylor \& Francis}
}

@article{gnatkovsky2019two,
  title={Two main focal seizure patterns revealed by intracerebral electroencephalographic biomarker analysis},
  author={Gnatkovsky, Vadym and Pelliccia, Veronica and de Curtis, Marco and Tassi, Laura},
  journal={Epilepsia},
  volume={60},
  number={1},
  pages={96--106},
  year={2019},
  publisher={Wiley Online Library}
}

@article{grinenko2018fingerprint,
  title={A fingerprint of the epileptogenic zone in human epilepsies},
  author={Grinenko, Olesya and Li, Jian and Mosher, John C and Wang, Irene Z and Bulacio, Juan C and Gonzalez-Martinez, Jorge and Nair, Dileep and Najm, Imad and Leahy, Richard M and Chauvel, Patrick},
  journal={Brain},
  volume={141},
  number={1},
  pages={117--131},
  year={2018},
  publisher={Oxford University Press}
}

@article{gross1999intracranial,
  title={Intracranial EEG with very low frequency activity fails to demonstrate an advantage over conventional recordings},
  author={Gross, DW and Gotman, J and Quesney, LF and Dubeau, F and Olivier, A},
  journal={Epilepsia},
  volume={40},
  number={7},
  pages={891--898},
  year={1999},
  publisher={Wiley Online Library}
}

@article{inoue2019interictal,
  title={Interictal Slow and High-Frequency Oscillations: Is it an Epileptic Slow or Red Slow?},
  author={Inoue, Takeshi and Inouchi, Morito and Matsuhashi, Masao and Matsumoto, Riki and Hitomi, Takefumi and Daifu-Kobayashi, Masako and Kobayashi, Katsuya and Nakatani, Mitsuyoshi and Kanazawa, Kyoko and Shimotake, Akihiro and others},
  journal={Journal of Clinical Neurophysiology},
  volume={36},
  number={2},
  pages={166--170},
  year={2019},
  publisher={LWW}
}

@article{katariwala2001remission,
  title={Remission of intractable partial epilepsy following implantation of intracranial electrodes},
  author={Katariwala, NM and Bakay, RAE and Pennell, PB and Olson, LD and Henry, TR and Epstein, Charles M},
  journal={Neurology},
  volume={57},
  number={8},
  pages={1505--1507},
  year={2001},
  publisher={AAN Enterprises}
}

@article{kim2009ictal,
  title={Ictal localization by invasive recording of infraslow activity with DC-coupled amplifiers},
  author={Kim, Wonsuk and Miller, John W and Ojemann, Jeffrey G and Miller, Kai J},
  journal={Journal of Clinical Neurophysiology},
  volume={26},
  number={3},
  pages={135--144},
  year={2009},
  publisher={LWW}
}

@article{kini2019virtual,
  title={Virtual resection predicts surgical outcome for drug-resistant epilepsy},
  author={Kini, Lohith G and Bernabei, John M and Mikhail, Fadi and Hadar, Peter and Shah, Preya and Khambhati, Ankit N and Oechsel, Kelly and Archer, Ryan and Boccanfuso, Jacqueline and Conrad, Erin and others},
  journal={Brain},
  volume={142},
  number={12},
  pages={3892--3905},
  year={2019},
  publisher={Oxford University Press}
}

@article{leistner2007combined,
  title={Combined MEG and EEG methodology for non-invasive recording of infraslow activity in the human cortex},
  author={Leistner, Stefanie and Sander, Tilmann and Burghoff, Martin and Curio, Gabriel and Trahms, Lutz and Mackert, Bruno-Marcel},
  journal={Clinical Neurophysiology},
  volume={118},
  number={12},
  pages={2774--2780},
  year={2007},
  publisher={Elsevier}
}

@article{da1989interdependence,
  title={Interdependence of EEG signals: linear vs. nonlinear associations and the significance of time delays and phase shifts},
  author={da Silva, Fernando Lopes and Pijn, Jan Pieter and Boeijinga, Peter},
  journal={Brain topography},
  volume={2},
  number={1},
  pages={9--18},
  year={1989},
  publisher={Springer}
}

@article{miller2007ictal,
  title={Ictal localization by source analysis of infraslow activity in DC-coupled scalp EEG recordings},
  author={Miller, John W and Kim, Wonsuk and Holmes, Mark D and Vanhatalo, Sampsa},
  journal={Neuroimage},
  volume={35},
  number={2},
  pages={583--597},
  year={2007},
  publisher={Elsevier}
}

@article{modur2012seizure,
  title={Seizure localization using broadband EEG: comparison of conventional frequency activity, high frequency oscillations and infraslow activity},
  author={Modur, Pradeep N and Vitaz, Todd W and Zhang, Song},
  journal={Journal of clinical neurophysiology: official publication of the American Electroencephalographic Society},
  volume={29},
  number={4},
  pages={309},
  year={2012},
  publisher={NIH Public Access}
}

@article{grass1938fourier,
  title={A Fourier transform of the electroencephalogram},
  author={Grass, Albert M and Gibbs, Frederic A},
  journal={Journal of neurophysiology},
  volume={1},
  number={6},
  pages={521--526},
  year={1938}
}

@article{faught1992ictal,
  title={Ictal EEG wave forms from epidural electrodes predictive of seizure control after temporal lobectomy},
  author={Faught, Edward and Kuzniecky, Ruben I and Hurst, David C},
  journal={Electroencephalography and clinical Neurophysiology},
  volume={83},
  number={4},
  pages={229--235},
  year={1992},
  publisher={Elsevier}
}

@article{aladjalova1957infra,
  title={Infra-slow rhythmic oscillations of the steady potential of the cerebral cortex},
  author={Aladjalova, NA},
  journal={Nature},
  volume={179},
  number={4567},
  pages={957--959},
  year={1957},
  publisher={Nature Publishing Group}
}

@article{fox2007spontaneous,
  title={Spontaneous fluctuations in brain activity observed with functional magnetic resonance imaging},
  author={Fox, Michael D and Raichle, Marcus E},
  journal={Nature reviews neuroscience},
  volume={8},
  number={9},
  pages={700--711},
  year={2007},
  publisher={Nature Publishing Group}
}

@article{muller2020linear,
  title={Linear and nonlinear interrelations show fundamentally distinct network structure in preictal intracranial EEG of epilepsy patients},
  author={M{\"u}ller, Michael and Caporro, Matteo and Gast, Heidemarie and Pollo, Claudio and Wiest, Roland and Schindler, Kaspar and Rummel, Christian},
  journal={Human brain mapping},
  volume={41},
  number={2},
  pages={467--483},
  year={2020},
  publisher={Wiley Online Library}
}

@article{murai2020scalp,
  title={Scalp EEG could record both ictal direct current shift and high-frequency oscillation together even with a time constant of 2 seconds},
  author={Murai, Tomohiko and Hitomi, Takefumi and Matsuhashi, Masao and Matsumoto, Riki and Kawamura, Yuki and Kanda, Masutaro and Takahashi, Ryosuke and Ikeda, Akio},
  journal={Journal of Clinical Neurophysiology},
  volume={37},
  number={2},
  pages={191--194},
  year={2020},
  publisher={LWW}
}

@article{narasimhan2020seizure,
  title={Seizure-onset regions demonstrate high inward directed connectivity during resting-state: An SEEG study in focal epilepsy},
  author={Narasimhan, Saramati and Kundassery, Keshav B and Gupta, Kanupriya and Johnson, Graham W and Wills, Kristin E and Goodale, Sarah E and Haas, Kevin and Rolston, John D and Naftel, Robert P and Morgan, Victoria L and others},
  journal={Epilepsia},
  volume={61},
  number={11},
  pages={2534--2544},
  year={2020},
  publisher={Wiley Online Library}
}

@article{pan2013infraslow,
  title={Infraslow LFP correlates to resting-state fMRI BOLD signals},
  author={Pan, Wen-Ju and Thompson, Garth John and Magnuson, Matthew Evan and Jaeger, Dieter and Keilholz, Shella},
  journal={Neuroimage},
  volume={74},
  pages={288--297},
  year={2013},
  publisher={Elsevier}
}

@article{rampp2012ictal,
  title={Ictal onset baseline shifts and infraslow activity},
  author={Rampp, Stefan and Stefan, Hermann},
  journal={Journal of Clinical Neurophysiology},
  volume={29},
  number={4},
  pages={291--297},
  year={2012},
  publisher={LWW}
}

@article{dhamala2008estimating,
  title={Estimating Granger causality from Fourier and wavelet transforms of time series data},
  author={Dhamala, Mukeshwar and Rangarajan, Govindan and Ding, Mingzhou},
  journal={Physical review letters},
  volume={100},
  number={1},
  pages={018701},
  year={2008},
  publisher={APS}
}

@article{freeman1978centrality,
  title={Centrality in social networks conceptual clarification},
  author={Freeman, Linton C},
  journal={Social networks},
  volume={1},
  number={3},
  pages={215--239},
  year={1978},
  publisher={North-Holland}
}

@article{watts1998collective,
  title={Collective dynamics of ‘small-world’networks},
  author={Watts, Duncan J and Strogatz, Steven H},
  journal={nature},
  volume={393},
  number={6684},
  pages={440--442},
  year={1998},
  publisher={Nature Publishing Group}
}

@article{dhamala2008analyzing,
  title={Analyzing information flow in brain networks with nonparametric Granger causality},
  author={Dhamala, Mukeshwar and Rangarajan, Govindan and Ding, Mingzhou},
  journal={Neuroimage},
  volume={41},
  number={2},
  pages={354--362},
  year={2008},
  publisher={Elsevier}
}

@article{vecchio2016pre,
  title={Pre-seizure architecture of the local connections of the epileptic focus examined via graph-theory},
  author={Vecchio, Fabrizio and Miraglia, Francesca and Vollono, Catello and Fuggetta, Filomena and Bramanti, Placido and Cioni, Beatrice and Rossini, Paolo Maria},
  journal={Clinical Neurophysiology},
  volume={127},
  number={10},
  pages={3252--3258},
  year={2016},
  publisher={Elsevier}
}

@article{wilke2011graph,
  title={Graph analysis of epileptogenic networks in human partial epilepsy},
  author={Wilke, Christopher and Worrell, Gregory and He, Bin},
  journal={Epilepsia},
  volume={52},
  number={1},
  pages={84--93},
  year={2011},
  publisher={Wiley Online Library}
}

@article{ponten2007small,
  title={Small-world networks and epilepsy: graph theoretical analysis of intracerebrally recorded mesial temporal lobe seizures},
  author={Ponten, SC and Bartolomei, Fabrice and Stam, CJ},
  journal={Clinical neurophysiology},
  volume={118},
  number={4},
  pages={918--927},
  year={2007},
  publisher={Elsevier}
}

@article{bartolomei2013interictal,
  title={Interictal network properties in mesial temporal lobe epilepsy: a graph theoretical study from intracerebral recordings},
  author={Bartolomei, F and Bettus, G and Stam, CJ and Guye, M},
  journal={Clinical neurophysiology},
  volume={124},
  number={12},
  pages={2345--2353},
  year={2013},
  publisher={Elsevier}
}

@article{van2013ictal,
  title={Ictal-onset localization through connectivity analysis of intracranial EEG signals in patients with refractory epilepsy},
  author={Van Mierlo, Pieter and Carrette, Evelien and Hallez, Hans and Raedt, Robrecht and Meurs, Alfred and Vandenberghe, Stefaan and Van Roost, Dirk and Boon, Paul and Staelens, Steven and Vonck, Kristl},
  journal={Epilepsia},
  volume={54},
  number={8},
  pages={1409--1418},
  year={2013},
  publisher={Wiley Online Library}
}

@article{wiener1956theory,
  title={The theory of prediction. Modern mathematics for engineers},
  author={Wiener, Norbert},
  journal={New York},
  volume={165},
  year={1956}
}

@article{ding200617,
  title={17 Granger causality: basic theory and application to neuroscience},
  author={Ding, Mingzhou and Chen, Yonghong and Bressler, Steven L},
  journal={Handbook of time series analysis: recent theoretical developments and applications},
  volume={437},
  year={2006},
  publisher={Wiley Online Library}
}

@article{rorden2012age,
  title={Age-specific CT and MRI templates for spatial normalization},
  author={Rorden, Christopher and Bonilha, Leonardo and Fridriksson, Julius and Bender, Benjamin and Karnath, Hans-Otto},
  journal={Neuroimage},
  volume={61},
  number={4},
  pages={957--965},
  year={2012},
  publisher={Elsevier}
}

@article{schulze2010seizure,
  title={Seizure control resulting from intrahippocampal depth electrode insertion},
  author={Schulze-Bonhage, A and Dennig, D and Wagner, K and Cordeiro, J and Carius, A and Fauser, S and Trippel, M},
  journal={Journal of Neurology, Neurosurgery \& Psychiatry},
  volume={81},
  number={3},
  pages={352--353},
  year={2010},
  publisher={BMJ Publishing Group Ltd}
}

@article{coben2015neural,
  title={Neural connectivity in epilepsy as measured by Granger causality},
  author={Coben, Robert and Mohammad-Rezazadeh, Iman},
  journal={Frontiers in human neuroscience},
  volume={9},
  pages={194},
  year={2015},
  publisher={Frontiers}
}

@article{coito2015dynamic,
  title={Dynamic directed interictal connectivity in left and right temporal lobe epilepsy},
  author={Coito, Ana and Plomp, Gijs and Genetti, M{\'e}lanie and Abela, Eugenio and Wiest, Roland and Seeck, Margitta and Michel, Christoph M and Vulliemoz, Serge},
  journal={Epilepsia},
  volume={56},
  number={2},
  pages={207--217},
  year={2015},
  publisher={Wiley Online Library}
}

@article{park2018granger,
  title={Granger causality analysis of interictal iEEG predicts seizure focus and ultimate resection},
  author={Park, Eun-Hyoung and Madsen, Joseph R},
  journal={Neurosurgery},
  volume={82},
  number={1},
  pages={99--109},
  year={2018},
  publisher={Oxford University Press}
}

@article{thompson2016ictal,
  title={Ictal infraslow activity in stereoelectroencephalography: beyond the “DC shift”},
  author={Thompson, SA and Krishnan, B and Gonzalez-Martinez, J and Bulacio, J and Jehi, L and Mosher, J and Alexopoulos, A and Burgess, RC},
  journal={Clinical Neurophysiology},
  volume={127},
  number={1},
  pages={117--128},
  year={2016},
  publisher={Elsevier}
}

@article{thompson2016interictal,
  title={Interictal infraslow activity in stereoelectroencephalography: from focus to network},
  author={Thompson, Stephen A and Krishnan, Balu and Gonzalez-Martinez, Jorge and Bulacio, Juan and Jehi, Lara and Mosher, John and Alexopoulos, Andreas and Burgess, Richard C},
  journal={Journal of Clinical Neurophysiology},
  volume={33},
  number={2},
  pages={141--148},
  year={2016},
  publisher={LWW}
}

@article{wu2014role,
  title={Role of ictal baseline shifts and ictal high-frequency oscillations in stereo-electroencephalography analysis of mesial temporal lobe seizures},
  author={Wu, Shasha and Kunhi Veedu, Hari Prasad and Lhatoo, Samden D and Koubeissi, Mohamad Z and Miller, Jonathan P and L{\"u}ders, Hans O},
  journal={Epilepsia},
  volume={55},
  number={5},
  pages={690--698},
  year={2014},
  publisher={Wiley Online Library}
}

@article{granger1969investigating,
  title={Investigating causal relations by econometric models and cross-spectral methods},
  author={Granger, Clive WJ},
  journal={Econometrica: journal of the Econometric Society},
  pages={424--438},
  year={1969},
  publisher={JSTOR}
}

@article{geweke1982measurement,
  title={Measurement of linear dependence and feedback between multiple time series},
  author={Geweke, John},
  journal={Journal of the American statistical association},
  volume={77},
  number={378},
  pages={304--313},
  year={1982},
  publisher={Taylor \& Francis}
}

@article{dhamala2018granger,
  title={Granger-Geweke causality: Estimation and interpretation},
  author={Dhamala, Mukesh and Liang, Hualou and Bressler, Steven L and Ding, Mingzhou},
  journal={NeuroImage},
  volume={175},
  pages={460--463},
  year={2018},
  publisher={Elsevier}
}

@misc{torrence1998practical,
  title={A practical guide to wavelet analysis. bulletin of the American Meteorological Society 79: 61--78. doi: 10.1175/1520-0477 (1998) 079$\backslash$0061: APGTWA [2.0},
  author={Torrence, C and Compo, GP},
  year={1998},
  publisher={Co}
}

@article{st2009antiepileptic,
  title={Antiepileptic drug monotherapy: the initial approach in epilepsy management},
  author={St Louis, Erik K and Rosenfeld, William E and Bramley, Thomas},
  journal={Current neuropharmacology},
  volume={7},
  number={2},
  pages={77--82},
  year={2009},
  publisher={Bentham Science Publishers}
}

@article{brown2018curative,
  title={Curative and palliative MRI-guided laser ablation for drug-resistant epilepsy},
  author={Brown, Mesha-Gay and Drees, Cornelia and Nagae, Lidia M and Thompson, John A and Ojemann, Steven and Abosch, Aviva},
  journal={Journal of Neurology, Neurosurgery \& Psychiatry},
  volume={89},
  number={4},
  pages={425--433},
  year={2018},
  publisher={BMJ Publishing Group Ltd}
}

@article{rubinov2010complex,
  title={Complex network measures of brain connectivity: uses and interpretations},
  author={Rubinov, Mikail and Sporns, Olaf},
  journal={Neuroimage},
  volume={52},
  number={3},
  pages={1059--1069},
  year={2010},
  publisher={Elsevier}
}
